@TechReport{xtag,
  author =   {{XTAG Research Group}},
  title =    {A Lexicalized Tree Adjoining Grammar for English},
  institution =  {IRCS, University of Pennsylvania},
  year =   2001,
  number =   {IRCS-01-03}
}

@incollection{ltag,
  title={Tree-adjoining grammars},
  author={Joshi, Aravind K and Schabes, Yves},
  booktitle={Handbook of formal languages},
  pages={69--123},
  year={1997},
  publisher={Springer}
}

